<?xml version="1.0" encoding="UTF-8"?><collection xmlns="http://www.loc.gov/MARC21/slim"><record><leader>00764nam--2200205-u-4500</leader><controlfield tag="001">000050723</controlfield><controlfield tag="002">20161230</controlfield><controlfield tag="005">20161230201048</controlfield><controlfield tag="008">080325s1000------------r-----000-0-eng-d</controlfield><datafield ind1=" " ind2=" " tag="020"><subfield code="a">9058096521</subfield></datafield><datafield ind1=" " ind2=" " tag="040"><subfield code="a">IFIN-HH</subfield></datafield><datafield ind1=" " ind2=" " tag="080"><subfield code="a">528.7:528.8.04</subfield></datafield><datafield ind1="1" ind2=" " tag="100"><subfield code="a">Li,Zhilin; Zhou,Qiming and Kainz,Wolfgang</subfield><subfield code="b">A Selection of Peer-Reviewed Papers Presented at the ISPRS Workshop on Spatial analysis and Decision Making, 3-5 December 2003, Hong Kong, China</subfield></datafield><datafield ind1="1" ind2="0" tag="245"><subfield code="a">Advances in Spatial Analysis and Decision Making</subfield></datafield><datafield ind1=" " ind2=" " tag="260"><subfield code="a">Lisse</subfield><subfield code="b">A.A.Balkema Publishing</subfield><subfield code="c">2004</subfield></datafield><datafield ind1=" " ind2=" " tag="300"><subfield code="a">321 p</subfield></datafield><datafield ind1=" " ind2=" " tag="490"><subfield code="a">International Society for Photogrammetry and Remote Sensing (ISPRS) Book Series</subfield></datafield><datafield ind1="1" ind2=" " tag="700"><subfield code="a">Kainz, Wolfgang</subfield><subfield code="e">Ed</subfield></datafield><datafield ind1=" " ind2=" " tag="852"><subfield code="c">528</subfield></datafield><datafield ind1=" " ind2=" " tag="CAT"><subfield code="a">Sys</subfield><subfield code="c">20110411</subfield><subfield code="h">161027</subfield></datafield></record></collection>